@misc{FontAwesome,
	author = {Dave Gandy},
	title = {Font Awesome},
	url = {http://www.fontawesome.io},
	keywords = {CSS, Icons},
} 